%% This BibTeX bibliography file was created using BibDesk.
%% http://bibdesk.sourceforge.net/


%% Created for iveney at 2010-12-11 23:49:53 -0600 


%% Saved with string encoding Unicode (UTF-8) 



@url{umfpack,
	Author = {Timothy A. Davis},
	Date-Added = {2010-12-11 23:40:10 -0600},
	Date-Modified = {2010-12-11 23:49:53 -0600},
	Keywords = {sparse, matrix, umfpack},
	Lastchecked = {12/14/2010},
	Rating = {5},
	Title = {UMFPACK, an unsymmetric-pattern multifrontal method},
	Url = {http://www.cise.ufl.edu/research/sparse/umfpack/},
	Urldate = {12/14/2010}}
